<record><leader>00000cas a22000007a 4500</leader><controlfield tag="001">39374241</controlfield><controlfield tag="008">980630d196519uucaumr ne      0    0eng d</controlfield><datafield ind1=" " ind2=" " tag="010"><subfield code="a">sn 98061228 </subfield></datafield><datafield ind1=" " ind2=" " tag="040"><subfield code="a">CNK</subfield><subfield code="b">eng</subfield><subfield code="c">CNK</subfield><subfield code="d">OCL</subfield><subfield code="d">OCLCQ</subfield><subfield code="d">OCLCF</subfield><subfield code="d">OCLCO</subfield></datafield><datafield ind1="1" ind2=" " tag="029"><subfield code="a">AU@</subfield><subfield code="b">000014094643</subfield></datafield><datafield ind1=" " ind2=" " tag="042"><subfield code="a">msc</subfield></datafield><datafield ind1=" " ind2=" " tag="043"><subfield code="a">n-us-ca</subfield></datafield><datafield ind1="0" ind2="0" tag="245"><subfield code="a">San Diego labor leader.</subfield></datafield><datafield ind1="3" ind2=" " tag="246"><subfield code="a">Labor leader</subfield></datafield><datafield ind1=" " ind2=" " tag="260"><subfield code="a">San Diego, Calif. :</subfield><subfield code="b">San Diego County Labor Council, AFL-CIO</subfield></datafield><datafield ind1=" " ind2=" " tag="300"><subfield code="a">v.</subfield></datafield><datafield ind1=" " ind2=" " tag="310"><subfield code="a">Monthly,</subfield><subfield code="b">July 13, 1978-&lt;Mar. 1985&gt;</subfield></datafield><datafield ind1=" " ind2=" " tag="321"><subfield code="a">Weekly,</subfield><subfield code="b">May 13, 1965-Jan. 27, 1967</subfield></datafield><datafield ind1=" " ind2=" " tag="321"><subfield code="a">Biweekly,</subfield><subfield code="b">Feb. 10, 1967-June 22, 1978</subfield></datafield><datafield ind1="0" ind2=" " tag="362"><subfield code="a">Vol. 59, no. 19 (May 13, 1965)-</subfield></datafield><datafield ind1=" " ind2=" " tag="500"><subfield code="a">"San Diego" or "San Diego Labor" appear in small print in different locations in masthead; issues for Oct. 14, 1965-Sept. 29, 1967 occasionally called "Labor Leader."</subfield></datafield><datafield ind1=" " ind2=" " tag="500"><subfield code="a">"Owned and operated by Central Labor Council of San Diego County," May 13, 1965-May 22, 1970.</subfield></datafield><datafield ind1=" " ind2=" " tag="515"><subfield code="a">Numbering is irregular.</subfield></datafield><datafield ind1=" " ind2=" " tag="550"><subfield code="a">Official publication of: Central Labor Council of San Diego County, May 13, 1965-May 22, 1970; and of: San Diego-Imperial Counties Labor Council, AFL-CIO, June 12, 1970-&lt;Mar. 1985&gt;</subfield></datafield><datafield ind1=" " ind2="0" tag="650"><subfield code="a">Labor unions</subfield><subfield code="z">California</subfield><subfield code="z">San Diego County</subfield><subfield code="v">Newspapers.</subfield></datafield><datafield ind1=" " ind2="0" tag="650"><subfield code="a">Labor unions</subfield><subfield code="z">California</subfield><subfield code="z">Imperial County</subfield><subfield code="v">Newspapers.</subfield></datafield><datafield ind1=" " ind2="7" tag="655"><subfield code="a">Newspapers.</subfield><subfield code="2">fast</subfield><subfield code="0">(OCoLC)fst01423814</subfield></datafield><datafield ind1=" " ind2="7" tag="650"><subfield code="a">Labor unions.</subfield><subfield code="2">fast</subfield><subfield code="0">(OCoLC)fst00990260</subfield></datafield><datafield ind1=" " ind2="7" tag="651"><subfield code="a">California</subfield><subfield code="z">Imperial County.</subfield><subfield code="2">fast</subfield><subfield code="0">(OCoLC)fst01206056</subfield></datafield><datafield ind1=" " ind2="7" tag="651"><subfield code="a">California</subfield><subfield code="z">San Diego County.</subfield><subfield code="2">fast</subfield><subfield code="0">(OCoLC)fst01204290</subfield></datafield><datafield ind1="2" ind2=" " tag="710"><subfield code="a">San Diego County Labor Council, AFL-CIO.</subfield></datafield><datafield ind1="2" ind2=" " tag="710"><subfield code="a">Central Labor Council of San Diego County.</subfield></datafield><datafield ind1="2" ind2=" " tag="710"><subfield code="a">San Diego-Imperial Counties Labor Council, AFL-CIO.</subfield></datafield><datafield ind1=" " ind2=" " tag="752"><subfield code="a">United States</subfield><subfield code="b">California</subfield><subfield code="c">San Diego</subfield><subfield code="d">San Diego.</subfield></datafield><datafield ind1="0" ind2="0" tag="780"><subfield code="t">Labor leader (San Diego, Calif. : 1951)</subfield><subfield code="w">(DLC)sn 98061227</subfield></datafield></record>